@book{tex1989,
  author    = {Donald E. Knuth},
  title     = {The {\TeX} Book},
  publisher = {Addison-Wesley Publishing Company},
  address   = {Reading, MA},
  year      = {1989},
  edition   = {15th},
}
